<record xmlns="http://www.loc.gov/MARC21/slim" xmlns:xsi="http://www.w3.org/2001/XMLSchema-instance" xsi:schemaLocation="http://www.loc.gov/MARC21/slim http://www.loc.gov/standards/marcxml/schema/MARC21slim.xsd"><leader>02427nam a2200373   4500</leader><controlfield tag="001">001685764</controlfield><controlfield tag="003">NNU</controlfield><controlfield tag="006">m        d        </controlfield><controlfield tag="007">cr cn |||m|||a</controlfield><controlfield tag="008">150110s1925    ae      o     000 0 ara</controlfield><datafield ind1=" " ind2=" " tag="040"><subfield code="a">NNU</subfield><subfield code="b">eng</subfield><subfield code="c">NNU</subfield></datafield><datafield ind1=" " ind2="4" tag="050"><subfield code="a">PJ7696</subfield><subfield code="b">.A46 1925</subfield></datafield><datafield ind1="0" ind2=" " tag="100"><subfield code="6">880-01</subfield><subfield code="a">&#699;Alqamah ibn &#699;Abadah,</subfield><subfield code="d">active 6th century.</subfield></datafield><datafield ind1="1" ind2="0" tag="245"><subfield code="6">880-02</subfield><subfield code="a">Sharh&#803; di&#772;wa&#772;n &#699;Alqamah ibn &#699;Abdah al-Tami&#772;mi&#772; al-mashhu&#772;r bi-&#699;Alqamah al-fah&#803;l</subfield><subfield code="h">[electronic resource] /</subfield><subfield code="c">li-Abi&#772; al-H&#803;ajja&#772;j Yu&#772;suf ibn Sulayma&#772;n ibn &#699;I&#772;sa&#769; al-ma&#699;ru&#772;f bi-al-A&#699;lam al-Shantamri&#772; ; i&#699;tana&#769; bi-tas&#803;h&#803;i&#772;h&#803;ihi ibn Abi&#772; Shanab. wa-yali&#772;h jumlah mimma&#772; lam yudhkar min shi&#699;rihi fi&#772; ha&#772;dha&#772; al-sharh&#803;.</subfield></datafield><datafield ind1="1" ind2="5" tag="246"><subfield code="a">&#699;Alqama ben &#699;Abada di&#772;wa&#772;n</subfield></datafield><datafield ind1=" " ind2=" " tag="260"><subfield code="a">Alger :</subfield><subfield code="b">Jules Carbonel,</subfield><subfield code="c">1925.</subfield></datafield><datafield ind1=" " ind2=" " tag="300"><subfield code="a">online resource (196 p.)</subfield></datafield><datafield ind1="1" ind2=" " tag="490"><subfield code="a">Bibliotheca Arabica</subfield></datafield><datafield ind1=" " ind2=" " tag="500"><subfield code="a">Title on added T.p.: &#699;Alqama ben &#699;Abada di&#772;wa&#772;n.</subfield></datafield><datafield ind1=" " ind2=" " tag="500"><subfield code="a">At head of title: Fuh&#803;u&#772;l al-&#699;Arab fi&#772; &#699;ilm al-adab.</subfield></datafield><datafield ind1=" " ind2=" " tag="500"><subfield code="a">Part of the Arabic Collections Online (ACO) project, contributed by New York Univeristy Libraries.</subfield></datafield><datafield ind1=" " ind2=" " tag="533"><subfield code="a">Electronic reproduction.</subfield><subfield code="b">New York, N.Y. :</subfield><subfield code="c">New York University,</subfield><subfield code="d">2015.</subfield><subfield code="5">NNU</subfield></datafield><datafield ind1="1" ind2=" " tag="700"><subfield code="6">880-03</subfield><subfield code="a">A&#699;lam al-Shantamari&#772;, Yu&#772;suf ibn Sulayma&#772;n,</subfield><subfield code="d">1019 or 1020-1083 or 1084.</subfield></datafield><datafield ind1="2" ind2=" " tag="710"><subfield code="a">New York University.</subfield><subfield code="b">Libraries.</subfield></datafield><datafield ind1="0" ind2=" " tag="730"><subfield code="a">Arabic Collections Online.</subfield></datafield><datafield ind1="0" ind2="8" tag="776"><subfield code="i">Print version:</subfield><subfield code="a">&#699;Alqamah ibn &#699;Abadah, active 6th century.</subfield><subfield code="t">Sharh&#803; di&#772;wa&#772;n &#699;Alqamah ibn &#699;Abdah al-Tami&#772;mi&#772; al-mashhu&#772;r bi-&#699;Alqamah al-fah&#803;l</subfield><subfield code="w">(NNU)001685764</subfield><subfield code="w">(DLC)   73200296</subfield></datafield><datafield ind1="4" ind2="0" tag="856"><subfield code="u">http://hdl.handle.net/2333.1/80gb5pcr</subfield></datafield><datafield ind1="0" ind2=" " tag="880"><subfield code="6">100-01/</subfield><subfield code="a">&#1593;&#1604;&#1602;&#1605;&#1607; &#1576;&#1606; &#1593;&#1576;&#1583;&#1607;&#1548;</subfield><subfield code="d">active 6th century.</subfield></datafield><datafield ind1="1" ind2="0" tag="880"><subfield code="6">245-02/</subfield><subfield code="a">&#1588;&#1585;&#1581; &#1583;&#1610;&#1608;&#1575;&#1606; &#1593;&#1604;&#1602;&#1605;&#1607; &#1576;&#1606; &#1593;&#1576;&#1583;&#1607; &#1575;&#1604;&#1578;&#1605;&#1610;&#1605;&#1610; &#1575;&#1604;&#1605;&#1588;&#1607;&#1608;&#1585; &#1576;&#1593;&#1604;&#1602;&#1605;&#1577; &#1575;&#1604;&#1601;&#1581;&#1604; /</subfield><subfield code="c">&#1604;&#1571;&#1576;&#1610; &#1575;&#1604;&#1581;&#1580;&#1575;&#1580; &#1610;&#1608;&#1587;&#1601; &#1576;&#1606; &#1587;&#1604;&#1610;&#1605;&#1575;&#1606; &#1576;&#1606; &#1593;&#1610;&#1587;&#1609; &#1575;&#1604;&#1605;&#1593;&#1585;&#1608;&#1601; &#1576;&#1575;&#1604;&#1571;&#1593;&#1604;&#1605; &#1575;&#1604;&#1588;&#1606;&#1578;&#1605;&#1585;&#1610; &#1563; &#1575;&#1593;&#1578;&#1606;&#1609; &#1576;&#1578;&#1589;&#1581;&#1610;&#1581;&#1607; &#1575;&#1576;&#1606; &#1571;&#1576;&#1610; &#1588;&#1606;&#1576;. &#1608;&#1610;&#1604;&#1610;&#1607; &#1580;&#1605;&#1604;&#1577; &#1605;&#1605;&#1575; &#1604;&#1605; &#1610;&#1584;&#1603;&#1585; &#1605;&#1606; &#1588;&#1593;&#1585;&#1607; &#1601;&#1610; &#1607;&#1584;&#1575; &#1575;&#1604;&#1588;&#1585;&#1581;.</subfield></datafield><datafield ind1="1" ind2=" " tag="880"><subfield code="6">700-03/</subfield><subfield code="a">&#1575;&#1593;&#1604;&#1605; &#1575;&#1604;&#1588;&#1606;&#1578;&#1605;&#1585;&#1610;&#1548; &#1610;&#1608;&#1587;&#1601; &#1576;&#1606; &#1587;&#1604;&#1610;&#1605;&#1575;&#1606;&#1548;</subfield><subfield code="d">1019 or 1020-1083 or 1084.</subfield></datafield><datafield ind1=" " ind2="0" tag="830"><subfield code="6">880-04</subfield><subfield code="a">Maktabah al-&#699;Arab&#299;yah (Cairo, Egypt)</subfield></datafield><datafield ind1=" " ind2="0" tag="880"><subfield code="6">830-04/</subfield><subfield code="a">&#1605;&#1603;&#1578;&#1576;&#1577; &#1575;&#1604;&#1593;&#1585;&#1576;&#1610;&#1577; (Cairo, Egypt)</subfield></datafield><datafield ind1=" " ind2=" " tag="959"><subfield code="a">NNU</subfield><subfield code="b">WEB</subfield><subfield code="c">GENI</subfield><subfield code="t">0</subfield><subfield code="m">Electronic access</subfield><subfield code="s">01</subfield></datafield><datafield ind1=" " ind2=" " tag="999"><subfield code="i">NNU_001685764</subfield><subfield code="o" /><subfield code="e">(ERROR-880)</subfield></datafield></record>